@INPROCEEDINGS{9636466,  author={Ren, Yunfan and Liu, Jianheng and Chen, Haoyao and Liu, Yunhui},  booktitle={2021 IEEE/RSJ International Conference on Intelligent Robots and Systems (IROS)},   title={Vision-encoder-based Payload State Estimation for Autonomous MAV With a Suspended Payload},   year={2021},  volume={},  number={},  pages={9632-9638},  doi={10.1109/IROS51168.2021.9636466}}